
@article{fastbeamforming,
    author = {Jack R. Williams},
    collaboration = {},
    title = {Fast Beam-Forming Algorithm},
    publisher = {ASA},
    year = {1968},
    journal = {The Journal of the Acoustical Society of America},
    volume = {44},
    number = {5},
    pages = {1454-1455},
    url = {http://link.aip.org/link/?JAS/44/1454/1},
    doi = {10.1121/1.1911285}
}

@INPROCEEDINGS{gaindecomp,
    author = {A. J. Boonstra and A. J. Van Der Veen},
    title = {Gain Decomposition Methods for Radio Telescope Arrays},
    booktitle = {IEEE Workshop on Statistical Signal Processing (SSP), IEEE},
    year = {2001}
}

@INPROCEEDINGS{best2,
   author = {{Montebugnoli}, S. and {Bianchi}, G. and {Monari}, J. and {Naldi}, G. and {Perini}, F. and {Schiaffino}, M.},
    title = "{BEST: Basic Element for SKA Training}",
booktitle = {Proceedings of Wide Field Astronomy \& Technology for the Square Kilometre Array (SKADS 2009). 4-6 November 2009. Chateau de Limelette, Belgium},
    year = 2009,
    pages = {331-336},
      eid = {58}
}

@INPROCEEDINGS{best2-casper,
   author = {{Montebugnoli}, S. and {Bartolini}, M. and {Bianchi}, G. and {Naldi}, G. and {Manley}, J. and {Parsons}, A.},
    title = "{BEST back end}",
booktitle = {Proceedings of Wide Field Astronomy \& Technology for the Square Kilometre Array (SKADS 2009). 4-6 November 2009. Chateau de Limelette, Belgium},
    year = 2009,
    pages = {355-358},
    eid = {63}
}

@ARTICLE{2dfft,
   author = {{Otobe}, E. and {Nakajima}, J. and {Nishibori}, K. and {Saito}, T. and {Kobayashi}, H. and {Tanaka}, N. and {Watanabe}, N. and {Aramaki}, Y. and {Hoshikawa}, T. and {Asuma}, K. and {Daishido}, T.},
    title = "{Two-dimensional direct images with a spatial FFT interferometer}",
  journal = {Publications of the Astronomical Society of Japan},
 keywords = {CALIBRATING, CRAB NEBULA, ERROR ANALYSIS, FAST FOURIER TRANSFORMATIONS, IMAGE PROCESSING, IMAGING TECHNIQUES, RADIO ASTRONOMY, RADIO EMISSION, INSTRUMENT ERRORS, PHASE ERROR, PULSARS, RADIO INTERFEROMETERS},
     year = 1994,
    month = oct,
   volume = 46,
    pages = {503-510}
}

@INPROCEEDINGS{best2-rec,
   author = {{Perini}, F. and {Bianchi}, G. and {Schiaffino}, M. and {Monari}, J.
    },
    title = "{BEST receiver experience: general architecture, design and integration}",
booktitle = {Proceedings of Wide Field Astronomy \& Technology for the Square Kilometre Array (SKADS 2009). 4-6 November 2009. Chateau de Limelette, Belgium},
    year = 2009, 
    pages = {351-354},
      eid = {62}
}

@INPROCEEDINGS{best2-lna,
   author = {{Perini}, F.},
    title = "{Low noise design experience for the SKADS/BEST demonstrator}",
booktitle = {Proceedings of Wide Field Astronomy \& Technology for the Square Kilometre Array (SKADS 2009). 4-6 November 2009. Chateau de Limelette, Belgium.},
     year = 2009,  
    pages = {341-345},
      eid = {60}
}

@INPROCEEDINGS{casper,
   author = {{Parsons}, A. and {Backer}, D. and {Chang}, C. and {Chapman}, D. and {Chen}, H. and {Crescini}, P. and {de Jesus}, C. and {Dick}, C. and {Droz}, P. and {MacMahon}, D. and {Meder}, K. and {Mock}, J. and {Nagpal}, V. and {Nikolic}, B. and {Parsa}, A. and {Richards}, B. and {Siemion}, A. and {Wawrzynek}, J. and {Werthimer}, D. and {Wright}, M.},
    title = "{PetaOp/Second FPGA Signal Processing for SETI and Radio Astronomy}",
 booktitle = {Asilomar Conference on Signals and Systems, Pacific Grove, CA},
     year = 2006,
    month = nov,
    pages = {2031-2035}
}

@ARTICLE{omniscope,
   author = {{Tegmark}, M. and {Zaldarriaga}, M.},
    title = "{Omniscopes: Large area telescope arrays with only Nlog{\func}N computational cost}",
  journal = {\prd},
archivePrefix = "arXiv",
   eprint = {0909.0001},
 primaryClass = "astro-ph.CO",
 keywords = {Observational cosmology},
     year = 2010,
    month = nov,
   volume = 82,
   number = 10,
      eid = {103501},
    pages = {103501},
      doi = {10.1103/PhysRevD.82.103501},
   adsurl = {http://adsabs.harvard.edu/abs/2010PhRvD..82j3501T},
  adsnote = {Provided by the SAO/NASA Astrophysics Data System}
}

@ARTICLE{dedispersion,
   author = {{Magro}, A. and {Karastergiou}, A. and {Salvini}, S. and {Mort}, B. and 
    {Dulwich}, F. and {Zarb Adami}, K.},
    title = "{Real-time, fast radio transient searches with GPU de-dispersion}",
  journal = {\mnras},
archivePrefix = "arXiv",
   eprint = {1107.2516},
 primaryClass = "astro-ph.IM",
 keywords = {instrumentation: miscellaneous},
     year = 2011,
    month = nov,
   volume = 417,
    pages = {2642-2650},
      doi = {10.1111/j.1365-2966.2011.19426.x},
   adsurl = {http://adsabs.harvard.edu/abs/2011MNRAS.417.2642M},
  adsnote = {Provided by the SAO/NASA Astrophysics Data System}
}

@article{fftt,
  volume = {79},
  journal = {Phys. Rev. D},
  author = {Tegmark, Max and Zaldarriaga, Matias},
  month = {Apr},
  url = {http://link.aps.org/doi/10.1103/PhysRevD.79.083530},
  doi = {10.1103/PhysRevD.79.083530},
  year = {2009},
  title = {Fast Fourier transform telescope},
  issue = {8},
  publisher = {American Physical Society},
  numpages = {20},
  pages = {083530}
}

@ARTICLE{meqtrees,
   author = {{Noordam}, J.~E. and {Smirnov}, O.~M.},
    title = "{The MeqTrees software system and its use for third-generation calibration of radio interferometers}",
  journal = {\aap},
archivePrefix = "arXiv",
   eprint = {1101.1745},
 primaryClass = "astro-ph.IM",
 keywords = {methods: numerical, methods: data analysis, techniques: interferometric, techniques: polarimetric},
     year = 2010,
    month = dec,
   volume = 524,
      eid = {A61},
    pages = {A61},
      doi = {10.1051/0004-6361/201015013},
   adsurl = {http://adsabs.harvard.edu/abs/2010A%26A...524A..61N},
  adsnote = {Provided by the SAO/NASA Astrophysics Data System}
}

